

@article{HurtubiseMarkman,
  title={Elliptic {Sklyanin} integrable systems for arbitrary reductive groups},
  author={Hurtubise, Jacques and Markman, Eyal},
  journal={Advances in Theoretical and Mathematical Physics},
  volume={6},
  number={5},
  pages={873--978},
  year={2002},
  publisher={International Press of Boston}
}

@article{CharbonneauHurtubise,
  title={Singular {Hermitian-Einstein} monopoles on the product of a circle and a {Riemann} surface},
  author={Charbonneau, Beno\^it and Hurtubise, Jacques},
  JOURNAL = {Int. Math. Res. Not.},
  FJOURNAL = {International Mathematics Research Notices.},
  volume={2011},
  number={1},
  pages={175--216},
  year={2010},
  publisher={Oxford University Press}
}

@article{Smith,
  title={Singular {$G$}-monopoles on {$S^1 \times \Sigma$}},
  author={Smith, Benjamin H},
  journal={arXiv preprint arXiv:1501.03337},
  year={2015}
}

@article{FrenkelNgo,
  title={Geometrization of trace formulas},
  author={Frenkel, Edward and Ng{\^o}, Bao Ch{\^a}u},
  journal={Bulletin of Mathematical Sciences},
  volume={1},
  number={1},
  pages={129--199},
  year={2011},
  publisher={Springer}
}

@article{Bouthier1,
  title={Dimension des fibres de {Springer} affines pour les groupes},
  author={Bouthier, Alexis},
  journal={Transformation Groups},
  volume={20},
  number={3},
  pages={615--663},
  year={2015},
  publisher={Springer}
}

@article{Bouthier2,
  title={La fibration de {Hitchin-Frenkel-Ng\^o} et son complexe d'intersection},
  author={Bouthier, Alexis},
  journal={arXiv preprint arXiv:1409.1275},
  year={2014}
}

@article{Bouthier3,
  title={G{\'e}om{\'e}trisation du lemme fondamental pour l'alg{\'e}bre de {Hecke}},
  author={Bouthier, Alexis},
  journal={arXiv preprint arXiv:1502.07148},
  year={2015}
}

@article{NekrasovPestun,
  title={{Seiberg-Witten} geometry of four dimensional {$\mathcal N= 2$} quiver gauge theories},
  author={Nekrasov, Nikita and Pestun, Vasily},
  journal={arXiv preprint arXiv:1211.2240},
  year={2012}
}

@article{Freed,
  title={Special {K{\"a}hler} manifolds},
  author={Freed, Daniel S},
  journal={Communications in Mathematical Physics},
  volume={203},
  number={1},
  pages={31--52},
  year={1999},
  publisher={Springer}
}

@article{MelaniSafronov,
  title={Derived coisotropic structures},
  author={Melani, Valerio and Safronov, Pavel},
  journal={arXiv preprint arXiv:1608.01482},
  year={2016}
}

@article{CPTVV,
  title={Shifted {Poisson} structures and deformation quantization},
  author={Calaque, Damien and Pantev, Tony and To{\"e}n, Bertrand and Vaqui{\'e}, Michel and Vezzosi, Gabriele},
  journal={Journal of Topology},
  volume={10},
  number={2},
  pages={483--584},
  year={2017},
  publisher={Wiley Online Library}
}

@article{PolishchukRothstein,
  title={Fourier transform for {$D$}-algebras, {I}},
  author={Polishchuk, Alexander and Rothstein, Mitchell},
  journal={Duke Mathematical Journal},
  volume={109},
  number={1},
  pages={123--146},
  year={2001},
  publisher={Duke University Press}
}

@article{DonagiPantev,
  title={Lectures on the geometric {Langlands} conjecture and non-abelian {Hodge} theory},
  author={Donagi, Ron and Pantev, Tony},
  journal={Second International School on Geometry and Physics Geometric Langlands and Gauge Theory},
  pages={129},
  year={2010},
  publisher={Citeseer}
}

@article{CherkisKapustin1,
  title={Singular monopoles and supersymmetric gauge theories in three dimensions},
  author={Cherkis, Sergey and Kapustin, Anton},
  journal={Nuclear Physics B},
  volume={525},
  number={1-2},
  pages={215--234},
  year={1998},
  publisher={Elsevier}
}

@article{CherkisKapustin2,
  title={Nahm Transform for Periodic Monopoles and {$\mc N= 2$} Super {Yang-Mills} Theory},
  author={Cherkis, Sergey and Kapustin, Anton},
  journal={Communications in Mathematical Physics},
  volume={218},
  number={2},
  pages={333--371},
  year={2001},
  publisher={Springer}
}

@article{CherkisKapustin3,
  title={{Hyper-K\"ahler} metrics from periodic monopoles},
  author={Cherkis, Sergey and Kapustin, Anton},
  journal={Physical Review D},
  volume={65},
  number={8},
  pages={084015},
  year={2002},
  publisher={APS}
}


@article{FrenkelReshetikhinSTS,
  title={{Drinfeld--Sokolov} reduction for difference operators and deformations of-{$\mc W$}algebras $I$. the case of {Virasoro} algebra},
  author={Frenkel, Edward and Reshetikhin, Nicolai and Semenov-Tian-Shansky, Michel},
  journal={Communications in mathematical physics},
  volume={192},
  number={3},
  pages={605--629},
  year={1998},
  publisher={Springer}
}

@article{STSSevostyanov,
  title={{Drinfeld--Sokolov} Reduction for Difference Operators and Deformations of {$\mc W$}-Algebras {II}. The General Semisimple Case},
  author={Semenov-Tian-Shansky, Michel and Sevostyanov, Alexey},
  journal={Communications in mathematical physics},
  volume={192},
  number={3},
  pages={631--647},
  year={1998},
  publisher={Springer}
}

@article{Mochizuki,
  title={Periodic monopoles and difference modules},
  author={Mochizuki, Takuro},
  journal={arXiv preprint arXiv:1712.08981},
  year={2017}
}

@article{PTVV,
	Author = {Pantev, Tony and To{\"e}n, Bertrand and Vaqui{\'e}, Michel and Vezzosi, Gabriele},
	Journal = {Publications math{\'e}matiques de l'IH{\'E}S},
	Number = {1},
	Pages = {271--328},
	Publisher = {Springer},
	Title = {Shifted symplectic structures},
	Volume = {117},
	Year = {2013}}
	
@article {GrothendieckSphere,
    AUTHOR = {Grothendieck, Alexander},
     TITLE = {Sur la classification des fibr\'es holomorphes sur la sph\`ere de
              {R}iemann},
   JOURNAL = {Amer. J. Math.},
  FJOURNAL = {American Journal of Mathematics},
    VOLUME = {79},
      YEAR = {1957},
     PAGES = {121--138},
      ISSN = {0002-9327},
   MRCLASS = {53.3X},
  MRNUMBER = {0087176},
MRREVIEWER = {C. Chevalley},
       DOI = {10.2307/2372388},
       URL = {https://doi.org/10.2307/2372388},
}

@article {AnchoucheBiswas,
    AUTHOR = {Anchouche, Boudjemaa and Biswas, Indranil},
     TITLE = {Einstein-{H}ermitian connections on polystable principal
              bundles over a compact {K}\"ahler manifold},
   JOURNAL = {Amer. J. Math.},
  FJOURNAL = {American Journal of Mathematics},
    VOLUME = {123},
      YEAR = {2001},
    NUMBER = {2},
     PAGES = {207--228},
      ISSN = {0002-9327},
   MRCLASS = {32Q15 (17B45 32J27 53C07)},
  MRNUMBER = {1828221},
MRREVIEWER = {Adrian Langer},
       URL =
              {http://muse.jhu.edu/journals/american_journal_of_mathematics/v123/123.2anchouche.pdf},
}

@misc{BDHitchin,
  title={Quantization of Hitchinâ€™s integrable system and Hecke eigensheaves},
  author={Beilinson, Alexander and Drinfeld, Vladimir},
  year={1997}
}

@incollection {Zhu,
    AUTHOR = {Zhu, Xinwen},
     TITLE = {An introduction to affine {G}rassmannians and the geometric
              {S}atake equivalence},
 BOOKTITLE = {Geometry of moduli spaces and representation theory},
    SERIES = {IAS/Park City Math. Ser.},
    VOLUME = {24},
     PAGES = {59--154},
 PUBLISHER = {Amer. Math. Soc., Providence, RI},
      YEAR = {2017},
   MRCLASS = {14M15 (14D24 20F65)},
  MRNUMBER = {3752460},
}

@phdthesis{Hennion,
  title={Formal loops and tangent {Lie} algebras},
  author={Hennion, Benjamin},
  year={2015},
  school={Universit\'e de Montpellier}
}

@article {EtingofVarchenko,
    AUTHOR = {Etingof, Pavel and Varchenko, Alexander},
     TITLE = {Geometry and classification of solutions of the classical
              dynamical {Y}ang-{B}axter equation},
   JOURNAL = {Comm. Math. Phys.},
  FJOURNAL = {Communications in Mathematical Physics},
    VOLUME = {192},
      YEAR = {1998},
    NUMBER = {1},
     PAGES = {77--120},
      ISSN = {0010-3616},
   MRCLASS = {32G34 (17B67 35Q99 81T40)},
  MRNUMBER = {1612160},
MRREVIEWER = {V. A. Golubeva},
       DOI = {10.1007/s002200050292},
       URL = {https://doi.org/10.1007/s002200050292},
}

@article {FoscoloDef,
    AUTHOR = {Foscolo, Lorenzo},
     TITLE = {Deformation theory of periodic monopoles (with singularities)},
   JOURNAL = {Comm. Math. Phys.},
  FJOURNAL = {Communications in Mathematical Physics},
    VOLUME = {341},
      YEAR = {2016},
    NUMBER = {1},
     PAGES = {351--390},
      ISSN = {0010-3616},
   MRCLASS = {53C07 (53C80 58D27)},
  MRNUMBER = {3439230},
MRREVIEWER = {Michael Murray},
       DOI = {10.1007/s00220-015-2497-3},
       URL = {https://doi.org/10.1007/s00220-015-2497-3},
}

@article {Bottacin,
    AUTHOR = {Bottacin, Francesco},
     TITLE = {Symplectic geometry on moduli spaces of stable pairs},
   JOURNAL = {Ann. Sci. \'Ecole Norm. Sup. (4)},
  FJOURNAL = {Annales Scientifiques de l'\'Ecole Normale Sup\'erieure. Quatri\`eme
              S\'erie},
    VOLUME = {28},
      YEAR = {1995},
    NUMBER = {4},
     PAGES = {391--433},
      ISSN = {0012-9593},
   MRCLASS = {14D20 (14J60 58F07)},
  MRNUMBER = {1334607},
MRREVIEWER = {Nitin Nitsure},
       URL = {http://www.numdam.org/item?id=ASENS_1995_4_28_4_391_0},
}

@article{MelaniSafronov1,
  title={Derived coisotropic structures},
  author={Melani, Valerio and Safronov, Pavel},
  journal={arXiv preprint arXiv:1608.01482},
  year={2016}
}

@article{MelaniSafronov2,
  title={Derived coisotropic structures {II}: stacks and quantization},
  author={Melani, Valerio and Safronov, Pavel},
  journal={arXiv preprint arXiv:1704.03201},
  year={2017}
}

@article{Spaide,
  title={Shifted Symplectic and {Poisson} Structures on Spaces of Framed Maps},
  author={Spaide, Theodore},
  journal={arXiv preprint arXiv:1607.03807},
  year={2016}
}

@article {Shapiro,
    AUTHOR = {Shapiro, Alexander},
     TITLE = {Poisson geometry of monic matrix polynomials},
   JOURNAL = {Int. Math. Res. Not.},
  FJOURNAL = {International Mathematics Research Notices.},
      YEAR = {2016},
    NUMBER = {17},
     PAGES = {5427--5453},
      ISSN = {1073-7928},
   MRCLASS = {53D17 (17B10 17B37 17B62 20G44)},
  MRNUMBER = {3556441},
MRREVIEWER = {E. A. Karolinski\u\i },
       DOI = {10.1093/imrn/rnv313},
       URL = {https://doi.org/10.1093/imrn/rnv313},
}