@article{PTVV,
	Author = {Pantev, Tony and To{\"e}n, Bertrand and Vaqui{\'e}, Michel and Vezzosi, Gabriele},
	Journal = {Publications math{\'e}matiques de l'IH{\'E}S},
	Number = {1},
	Pages = {271--328},
	Publisher = {Springer},
	Title = {Shifted symplectic structures},
	Volume = {117},
	Year = {2013}}
	
@article{CPTVV,
	Author = {Calaque, Damien and Pantev, Tony and To{\"e}n, Bertrand and Vaqui{\'e}, Michel and Vezzosi, Gabriele},
	Journal = {arXiv preprint arXiv:1506.03699},
	Title = {Shifted {Poisson} Structures and Deformation Quantization},
	Year = {2015}}
	
@article{Melani,
	Author = {Melani, Valerio},
	Journal = {arXiv preprint arXiv:1409.1863},
	Title = {Poisson bivectors and {Poisson} brackets on affine derived stacks},
	Year = {2014}}
	
@article{Safronovquasi,
  title={Quasi-{Hamiltonian} reduction via classical {Chern}--{Simons} theory},
  author={Safronov, Pavel},
  journal={Advances in Mathematics},
  volume={287},
  pages={733--773},
  year={2016},
  publisher={Elsevier}
}

@article{Serreprojective,
  title={Modules projectifs et espaces fibr{\'e}s a fibre vectorielle},
  author={Serre, Jean-Pierre},
  journal={S{\'e}minaire Dubreil. Alg{\`e}bre et th{\'e}orie des nombres},
  volume={11},
  number={2},
  year={1957},
  pages={1--18}
}

@article{Spaide,
  title={Shifted Symplectic and {Poisson} Structures on Spaces of Framed Maps},
  author={Spaide, Theodore},
  journal={arXiv preprint arXiv:1607.03807},
  year={2016}
}

@article{FKMM,
  title={A note on a symplectic structure on the space of {$G$}-monopoles},
  author={Finkelberg, Michael and Kuznetsov, Alexander and Markarian, Nikita and Mirkovi{\'c}, Ivan},
  journal={Communications in mathematical physics},
  volume={201},
  number={2},
  pages={411--421},
  year={1999},
  publisher={Springer}
}

@article{FRSTS,
  title={{Drinfeld--Sokolov} Reduction for Difference Operators and Deformations of-Algebras {I}. The Case of {Virasoro} Algebra},
  author={Frenkel, E and Reshetikhin, N and Semenov-Tian-Shansky, MA},
  journal={Communications in mathematical physics},
  volume={192},
  number={3},
  pages={605--629},
  year={1998},
  publisher={Springer}
}

@article{STSS,
  title={{Drinfeld--Sokolov} Reduction for Difference Operators and Deformations of {W}-Algebras {II}. The General Semisimple Case},
  author={Semenov-Tian-Shansky, MA and Sevostyanov, AV},
  journal={Communications in mathematical physics},
  volume={192},
  number={3},
  pages={631--647},
  year={1998},
  publisher={Springer}
}

@article{FKR,
  title={Towards a cluster structure on trigonometric zastava},
  author={Finkelberg, Michael and Kuznetsov, Alexander and Rybnikov, Leonid and Dobrovolska, Galyna},
  journal={arXiv preprint arXiv:1504.05605},
  year={2015}
}
